<record xmlns="http://www.loc.gov/MARC21/slim" xmlns:xsi="http://www.w3.org/2001/XMLSchema-instance" xsi:schemaLocation="http://www.loc.gov/MARC21/slim http://www.loc.gov/standards/marcxml/schema/MARC21slim.xsd"><leader>02829nam a2200505   4500</leader><controlfield tag="001">3076797</controlfield><controlfield tag="003">NNC</controlfield><controlfield tag="006">m        d        </controlfield><controlfield tag="007">cr cn |||m|||a</controlfield><controlfield tag="008">150223s1945    ua a   jo     000 0 araod</controlfield><datafield ind1=" " ind2=" " tag="040"><subfield code="a">NNU</subfield><subfield code="b">eng</subfield><subfield code="e">rda</subfield><subfield code="c">NNU</subfield></datafield><datafield ind1=" " ind2="4" tag="050"><subfield code="a">PJ7657</subfield><subfield code="b">.I13 S13</subfield></datafield><datafield ind1="1" ind2=" " tag="100"><subfield code="6">880-01</subfield><subfield code="a">Ibn Sa&#699;i&#772;d, &#699;Ali&#772; ibn Mu&#772;sa&#769;,</subfield><subfield code="d">1213-1286.</subfield></datafield><datafield ind1="1" ind2="3" tag="245"><subfield code="6">880-02</subfield><subfield code="a">al-Ghus&#803;u&#772;n al-ya&#772;ni&#699;ah fi&#772; mah&#803;a&#772;sin shu&#699;ara&#772;&#700; al-mi&#700;ah al-sa&#772;bi&#699;ah /</subfield><subfield code="c">li-Ibn Sa&#699;i&#772;d Abi&#772; al-H&#803;asan &#699;Ali&#772; ibn Mu&#772;sa&#769; al-Andalu&#772;si&#772; ; bi-tah&#803;qi&#772;q Ibra&#772;hi&#772;m al-Abya&#772;ri&#772;.</subfield></datafield><datafield ind1=" " ind2=" " tag="260"><subfield code="6">880-03</subfield><subfield code="a">Mis&#803;r :</subfield><subfield code="b">Da&#772;r al-Ma&#699;a&#772;rif,</subfield><subfield code="c">[1945]</subfield></datafield><datafield ind1=" " ind2=" " tag="300"><subfield code="a">online resource (175 pages) :</subfield><subfield code="b">illustrations</subfield></datafield><datafield ind1=" " ind2=" " tag="336"><subfield code="a">text</subfield><subfield code="2">rdacontent</subfield></datafield><datafield ind1=" " ind2=" " tag="337"><subfield code="a">computer</subfield><subfield code="2">rdamedia</subfield></datafield><datafield ind1=" " ind2=" " tag="338"><subfield code="a">online resource</subfield><subfield code="2">rdacarrier</subfield></datafield><datafield ind1="1" ind2=" " tag="490"><subfield code="6">880-04</subfield><subfield code="a">Dhakha&#772;&#700;ir al-&#699;Arab. ;</subfield><subfield code="v">14</subfield></datafield><datafield ind1=" " ind2=" " tag="500"><subfield code="a">Also erroneously attributed to Muh&#803;ammad ibn &#699;Abd Alla&#772;h, called Ibn al-&#699;Abba&#772;r, and Ibn al-Khat&#803;i&#772;b.</subfield></datafield><datafield ind1=" " ind2=" " tag="500"><subfield code="a">Part of the Arabic Collections Online (ACO) project, contributed by Columbia University Libraries.</subfield></datafield><datafield ind1=" " ind2=" " tag="533"><subfield code="a">Electronic reproduction.</subfield><subfield code="b">New York, N.Y. :</subfield><subfield code="c">New York University,</subfield><subfield code="d">2015.</subfield><subfield code="5">NNU</subfield></datafield><datafield ind1=" " ind2="1" tag="650"><subfield code="a">Poets, Arab.</subfield></datafield><datafield ind1=" " ind2="0" tag="650"><subfield code="a">Poets, Arab.</subfield></datafield><datafield ind1=" " ind2="0" tag="650"><subfield code="a">Arabic poetry.</subfield></datafield><datafield ind1=" " ind2="7" tag="650"><subfield code="a">Arabic poetry.</subfield><subfield code="2">fast</subfield><subfield code="0">(OCoLC)fst00812533</subfield></datafield><datafield ind1=" " ind2="7" tag="650"><subfield code="a">Poets, Arab.</subfield><subfield code="2">fast</subfield><subfield code="0">(OCoLC)fst01067812</subfield></datafield><datafield ind1="0" ind2=" " tag="700"><subfield code="6">880-05</subfield><subfield code="a">Ibn al-Khat&#803;i&#772;b,</subfield><subfield code="d">1313-1374.</subfield></datafield><datafield ind1="1" ind2=" " tag="700"><subfield code="6">880-06</subfield><subfield code="a">Ibya&#772;ri&#772;, Ibra&#772;hi&#772;m,</subfield><subfield code="e">editor. </subfield></datafield><datafield ind1="2" ind2=" " tag="710"><subfield code="a">Columbia University.</subfield><subfield code="b">Libraries.</subfield></datafield><datafield ind1="0" ind2=" " tag="730"><subfield code="a">Arabic Collections Online.</subfield></datafield><datafield ind1="0" ind2="8" tag="776"><subfield code="i">Online version:</subfield><subfield code="a">Ibn Sa&#699;i&#772;d, &#699;Ali&#772; ibn Mu&#772;sa&#769;, 1213-1286.</subfield><subfield code="t">Ghus&#803;u&#772;n al-ya&#772;ni&#699;ah fi&#772; mah&#803;a&#772;sin shu&#699;ara&#772;&#700; al-mi&#700;ah al-sa&#772;bi&#699;ah.</subfield><subfield code="d">Mis&#803;r : Da&#772;r al-Ma&#699;a&#772;rif, [1945]</subfield><subfield code="w">(OCoLC)651799108</subfield></datafield><datafield ind1="0" ind2="8" tag="776"><subfield code="i">Print version:</subfield><subfield code="a">Ibn Sa&#699;i&#772;d, &#699;Ali&#772; ibn Mu&#772;sa&#769;, 1213-1286.</subfield><subfield code="t">al-Ghus&#803;u&#772;n al-ya&#772;ni&#699;ah fi&#772; mah&#803;a&#772;sin shu&#699;ara&#772;&#700; al-mi&#700;ah al-sa&#772;bi&#699;ah</subfield><subfield code="w">(NNC)3076797</subfield><subfield code="w">(OCoLC)23503037</subfield></datafield><datafield ind1=" " ind2="0" tag="830"><subfield code="6">880-07</subfield><subfield code="a">Dhakha&#772;&#700;ir al-&#699;Arab ;</subfield><subfield code="v">14.</subfield></datafield><datafield ind1="4" ind2="0" tag="856"><subfield code="u">http://hdl.handle.net/2333.1/dz08krm8</subfield></datafield><datafield ind1="1" ind2=" " tag="880"><subfield code="6">100-01/r</subfield><subfield code="a">&#1575;&#1576;&#1606; &#1587;&#1593;&#1610;&#1583;&#1548; &#1593;&#1604;&#1610; &#1576;&#1606; &#1605;&#1608;&#1587;&#1609;&#1548;,</subfield><subfield code="d">1286-1213.</subfield></datafield><datafield ind1="1" ind2="2" tag="880"><subfield code="6">245-02/r</subfield><subfield code="a">&#1575;&#1604;&#1594;&#1589;&#1608;&#1606; &#1575;&#1604;&#1610;&#1575;&#1606;&#1593;&#1577; &#1601;&#1610; &#1605;&#1581;&#1575;&#1587;&#1606; &#1588;&#1593;&#1585;&#1575;&#1569; &#1575;&#1604;&#1605;&#1575;&#1574;&#1577; &#1575;&#1604;&#1587;&#1575;&#1576;&#1593;&#1577; /</subfield><subfield code="c">&#1604;&#1575;&#1576;&#1606; &#1587;&#1593;&#1610;&#1583; &#1571;&#1576;&#1610; &#1575;&#1604;&#1581;&#1587;&#1606; &#1593;&#1604;&#1610; &#1576;&#1606; &#1605;&#1608;&#1587;&#1609; &#1575;&#1604;&#1571;&#1606;&#1583;&#1604;&#1587;&#1610; &#1563; &#1576;&#1578;&#1581;&#1602;&#1610;&#1602; &#1575;&#1576;&#1585;&#1575;&#1607;&#1610;&#1605; &#1575;&#1604;&#1575;&#1576;&#1610;&#1575;&#1585;&#1610;.</subfield></datafield><datafield ind1=" " ind2=" " tag="880"><subfield code="6">260-03/r</subfield><subfield code="a">&#1605;&#1589;&#1585; :</subfield><subfield code="b">&#1583;&#1575;&#1585; &#1575;&#1604;&#1605;&#1593;&#1575;&#1585;&#1601;&#1548;</subfield><subfield code="c">[1945]</subfield></datafield><datafield ind1="1" ind2=" " tag="880"><subfield code="6">490-04/r</subfield><subfield code="a">&#1584;&#1582;&#1575;&#1574;&#1585; &#1575;&#1604;&#1593;&#1585;&#1576; &#1563;</subfield><subfield code="v">14.</subfield></datafield><datafield ind1="0" ind2=" " tag="880"><subfield code="6">700-05/r</subfield><subfield code="a">&#1575;&#1576;&#1606; &#1575;&#1604;&#1582;&#1591;&#1610;&#1576;&#1548;</subfield><subfield code="d">1313-1374.</subfield></datafield><datafield ind1="1" ind2=" " tag="880"><subfield code="6">700-06/r</subfield><subfield code="a">&#1575;&#1576;&#1610;&#1575;&#1585;&#1610;&#1548; &#1575;&#1576;&#1585;&#1575;&#1607;&#1610;&#1605;&#1548;</subfield><subfield code="e">editor. </subfield></datafield><datafield ind1=" " ind2="0" tag="880"><subfield code="6">830-07/r</subfield><subfield code="a">&#1584;&#1582;&#1575;&#1574;&#1585; &#1575;&#1604;&#1593;&#1585;&#1576; &#1563;</subfield><subfield code="v">14.</subfield></datafield><datafield ind1=" " ind2=" " tag="959"><subfield code="a">NNU</subfield><subfield code="b">WEB</subfield><subfield code="c">GENI</subfield><subfield code="t">0</subfield><subfield code="m">Electronic access</subfield><subfield code="s">01</subfield></datafield><datafield ind1=" " ind2=" " tag="999"><subfield code="i">NNC_3076797</subfield><subfield code="o">(OCoLC)23503037</subfield><subfield code="s">columbia_aco000099</subfield></datafield></record>